@misc{gnuplot-boxes3d,
  author       = {gnuplot},
  howpublished = {\url{https://gnuplot.sourceforge.net/demo_6.0/boxes3d.html}},
  title        = {gnuplot demo script: boxes3d.dem},
  year         = {2024},
}
